@misc{miltz2019_spending,
  author  = {Kimberly Miltz},
  title   = {{Public Cloud Computing Spending Forecast in Canada in 2019 and 2023}},
  year    = {2019},
  url     = {https://www.statista.com/statistics/761720/canada-spending-on-public-cloud/},
  urldate = {2021-09-26},
  organization = {IDC Worldwide Semiannual Public Cloud Services Spending Guide},
  note    = {},
}

